<?xml version="1.0" encoding="UTF-8"?><record xmlns="http://www.loc.gov/MARC21/slim" xmlns:cinclude="http://apache.org/cocoon/include/1.0" xmlns:zs="http://www.loc.gov/zing/srw/">
  <leader>00417nz  a2200145n  4500</leader>
  <controlfield tag="001">no2009128391</controlfield>
  <controlfield tag="003">DLC</controlfield>
  <controlfield tag="005">20090820075450.0</controlfield>
  <controlfield tag="008">090817n| acannaabn          |a aaa     c</controlfield>
  <datafield tag="010" ind1=" " ind2=" ">
    <subfield code="a">no2009128391</subfield>
  </datafield>
  <datafield tag="035" ind1=" " ind2=" ">
    <subfield code="a">(OCoLC)oca08208068</subfield>
  </datafield>
  <datafield tag="040" ind1=" " ind2=" ">
    <subfield code="a">IlMpPL</subfield>
    <subfield code="b">eng</subfield>
    <subfield code="c">IlMpPL</subfield>
  </datafield>
  <datafield tag="100" ind1="1" ind2=" ">
    <subfield code="a">Bussell, Darcey.</subfield>
    <subfield code="t">Delphie and the magic ballet shoes</subfield>
  </datafield>
  <datafield tag="400" ind1="1" ind2=" ">
    <subfield code="a">Bussell, Darcey.</subfield>
    <subfield code="t">Magic ballet shoes</subfield>
  </datafield>
  <datafield tag="670" ind1=" " ind2=" ">
    <subfield code="a">The magic ballet shoes, 2009.</subfield>
  </datafield>
</record>